<?xml version="1.0" encoding="UTF-8"?><collection xmlns="http://www.loc.gov/MARC21/slim"><record><leader>00403nam--2200133-i-4500</leader><controlfield tag="001">000005001</controlfield><controlfield tag="002">20161230</controlfield><controlfield tag="005">20161230201026</controlfield><controlfield tag="008">060222s1000------------r-----000-0-eng-d</controlfield><datafield ind1=" " ind2=" " tag="100"><subfield code="a">Bannik, B.P., Grishin, V.G., Fedorova, R.N</subfield></datafield><datafield ind1=" " ind2=" " tag="245"><subfield code="a">Interference of the coulomb and nuclear scatte ring at high energies</subfield></datafield><datafield ind1=" " ind2=" " tag="260"><subfield code="a">Dubna, Joint Inst.For Nuclear Research, 1960. 11 P</subfield></datafield><datafield ind1=" " ind2=" " tag="490"><subfield code="a">D-522</subfield></datafield><datafield ind1=" " ind2=" " tag="852"><subfield code="a">7029</subfield></datafield></record></collection>